<Document xmlns="urn:iso:std:iso:20022:tech:xsd:pain.001.001.03"><CstmrCdtTrfInitn><GrpHdr><MsgId>ff067add-d8af-4a65-8906-fd0849945037</MsgId><CreDtTm>2025-04-15T04:26:13.457019</CreDtTm><NbOfTxs>1</NbOfTxs><CtrlSum>611.00</CtrlSum><InitgPty><Nm>MIRYA TRADING CO LTD</Nm></InitgPty></GrpHdr><PmtInf><PmtInfId>decf78b2-1241-4fed-8bf5-b515ebc1d58b</PmtInfId><PmtMtd>TRF</PmtMtd><BtchBookg>false</BtchBookg><NbOfTxs>1</NbOfTxs><CtrlSum>611.00</CtrlSum><PmtTpInf><SvcLvl><Cd>SEPA</Cd></SvcLvl></PmtTpInf><ReqdExctnDt>2025-04-15</ReqdExctnDt><Dbtr><Nm>MIRYA TRADING CO LTD</Nm></Dbtr><DbtrAcct><Id><IBAN>DE86500700100925993805</IBAN></Id></DbtrAcct><DbtrAgt><FinInstnId><BIC>DEUTDEFFXXX</BIC></FinInstnId></DbtrAgt><CdtTrfTxInf><PmtId><EndToEndId>d6691c37-5fb7-4373-ab1b-1a57f8434ff4</EndToEndId></PmtId><Amt><InstdAmt Ccy="EUR">611.00</InstdAmt></Amt><CdtrAgt><FinInstnId><BIC>WELADED1MST</BIC></FinInstnId></CdtrAgt><Cdtr><Nm>MOHAMMAD REZA NAJAFI KALASHI</Nm></Cdtr><CdtrAcct><Id><IBAN>DE41400501500154813455</IBAN></Id></CdtrAcct><RmtInf><Ustrd>SEPA-A</Ustrd></RmtInf></CdtTrfTxInf></PmtInf></CstmrCdtTrfInitn></Document>