<Document xmlns="urn:iso:std:iso:20022:tech:xsd:pain.001.001.03"><CstmrCdtTrfInitn><GrpHdr><MsgId>1990f247-5592-4699-831c-40ba64a993d4</MsgId><CreDtTm>2025-04-15T21:15:33.984814</CreDtTm><NbOfTxs>1</NbOfTxs><CtrlSum>610.00</CtrlSum><InitgPty><Nm>MIRYA TRADING CO LTD</Nm></InitgPty></GrpHdr><PmtInf><PmtInfId>cffa4088-8179-4497-8317-3fff181cd32b</PmtInfId><PmtMtd>TRF</PmtMtd><BtchBookg>false</BtchBookg><NbOfTxs>1</NbOfTxs><CtrlSum>610.00</CtrlSum><PmtTpInf><SvcLvl><Cd>SEPA</Cd></SvcLvl></PmtTpInf><ReqdExctnDt>2025-04-15</ReqdExctnDt><Dbtr><Nm>MIRYA TRADING CO LTD</Nm></Dbtr><DbtrAcct><Id><IBAN>DE86500700100925993805</IBAN></Id></DbtrAcct><DbtrAgt><FinInstnId><BIC>DEUTDEFFXXX</BIC></FinInstnId></DbtrAgt><CdtTrfTxInf><PmtId><EndToEndId>5a367b04-b90e-41ae-90e1-bfe92691d47b</EndToEndId></PmtId><Amt><InstdAmt Ccy="EUR">610.00</InstdAmt></Amt><CdtrAgt><FinInstnId><BIC>WELADED1MST</BIC></FinInstnId></CdtrAgt><Cdtr><Nm>MOHAMMAD REZA NAJAFI KALASHI</Nm></Cdtr><CdtrAcct><Id><IBAN>DE41400501500154813455</IBAN></Id></CdtrAcct><RmtInf><Ustrd>SEPA-P</Ustrd></RmtInf></CdtTrfTxInf></PmtInf></CstmrCdtTrfInitn></Document>